<collection xmlns="http://www.loc.gov/MARC21/slim">
<record>
  <leader>00485na 0a22001331i 450 </leader>
  <controlfield tag="001">IT\ICCU\CNCE\031779</controlfield>
  <controlfield tag="005">19971230000000.0</controlfield>
  <datafield tag="100" ind1=" " ind2=" ">
    <subfield code="a">19971206             0itac0103    ba</subfield>
  </datafield>
  <datafield tag="200" ind1="1" ind2=" ">
    <subfield code="a">Questiones</subfield>
  </datafield>
  <datafield tag="702" ind1=" " ind2="1">
    <subfield code="a">Duns Scotus,</subfield>
    <subfield code="b">Ioannes</subfield>
    <subfield code="3">IT\ICCU\CNCA\000005</subfield>
  </datafield>
  <datafield tag="790" ind1=" " ind2="1">
    <subfield code="a">Scotus,</subfield>
    <subfield code="b">Joannes</subfield>
    <subfield code="3">IT\ICCU\CNCA\012390</subfield>
    <subfield code="z">Duns Scotus, Ioannes</subfield>
  </datafield>
  <datafield tag="790" ind1=" " ind2="1">
    <subfield code="a">Scotus,</subfield>
    <subfield code="b">Duns</subfield>
    <subfield code="3">IT\ICCU\CNCA\015217</subfield>
    <subfield code="z">Duns Scotus, Ioannes</subfield>
  </datafield>
  <datafield tag="790" ind1=" " ind2="0">
    <subfield code="a">Doctor Subtilis</subfield>
    <subfield code="3">IT\ICCU\CNCA\021575</subfield>
    <subfield code="z">Duns Scotus, Ioannes</subfield>
  </datafield>
  <datafield tag="801" ind1=" " ind2="3">
    <subfield code="a">IT</subfield>
    <subfield code="b">ICCU</subfield>
    <subfield code="c">20201114</subfield>
  </datafield>
</record>
</collection>
